
@book{GLMIngenieril,
title = "Generalized Linear Models: With Applications in Engineering and the Sciences: Second Edition",
author = "Myers, {Raymond H.} and Montgomery, {Douglas C.} and Vining, {G. Geoffrey} and Robinson, {Timothy J.}",
year = "2012",
month = "1",
day = "31",
doi = "10.1002/9780470556986",
language = "English (US)",
isbn = "9780470556986",
publisher = "John Wiley and Sons Inc.",
}

@book{Mathematical,
    author = {Bickel, Peter J. and Doksum, Kjell A.},
    edition = {2},
    keywords = {bibtex-import},
    priority = {2},
    publisher = {Prentice-Hall},
    title = {Mathematical statistics: basic ideas and selected topics},
    volume = {1},
    year = {2001}
}

