


############ MARCO TEORICO - ANTECENDETES ##########################

@ARTICLE{Vero,
author = {M. Veronica and V. Adan and C. Emily  and others},
title = {Admixture in Mexico City: implications for admixture mapping of \Type 2 diabetes genetic risk factors},
journal = {Hum Genet},
volume = {120},
page = {807-8019},
year = {2006}
}

@ARTICLE{Julie,
author={D. Julie},
title = {La genética del cáncer de seno en la familia puertorriqueña},
journal = {Revista Puertorriqueña de Medicina y Salud Pública},
year = {2018}
}

@ARTICLE{Marta,
author={A. Marta and Z. Julie and M. Julio and others},
title = {Genome-Wide Association Study in an Amerindian Ancestry Population Reveals Novel Systemic Lupus Erythematosus Risk Loci and the Role of European Admixture},
journal = {Arthritis & Rheumatology},
volume={68},
year={2016}
}

@ARTICLE{Justo,
author={L. Justo and B. Felix and G. Rosa and others},
title = {Subtypes of Native American ancestry and leading causes of death: Mapuche ancestry-specific associations with gallbladder cancer risk in Chile},
journal = {PLoS Genet},
volume={13},
year={2017}
}


@ARTICLE{Nuri,
author={K. Nuri and P. Alvaro and G. Barbara and others},
title = {Human and Helicobacter Pylori coevolution shapes the risk of gastric disease},
journal = {Proceedings of the National Academy of Sciences},
volume={111(4)},
year={2014}
}


@ARTICLE{Sanabria,
author={S.Mar\'ia and H. Gustavo and U. Adriana and others},
title = {IL1B-CGTC haplotype is associated with colorectal cancer in admixed individuals with increased African ancestry},
journal = {Scientific Reports},
volume={7},
year={2017}
}




################# MARCO TEORICO - DEFINICION DEL PROBLEMA ##################

@ARTICLE{INEGI,
author = {INEGI},
title = {Estadisticas a proposito del...dia mundial contra el cancer(4 de febrero)},
journal = {Cubos dinamicos},
year = {2016}
}

@ARTICLE{Weinberg,
author = {R. Weinberg},
title = {Finding the Anti-Oncogene},
journal = {Scientific American},
volume = {259},
year = {1988}

}

@ARTICLE{INSP,
author = {INSP},
title = {Cancer de colon y recto},
journal = {https:// www.insp.mx/infografias/cancer-colon-recto.html},
year = {2015}
}

@ARTICLE{Dario,
author = {B. Dario and M. Martin and C. Miguel and others},
title = {Epidemiology of colorectal cancer in patients under 50 years old in the Hospital Juárez of México},
journal = {Endoscopia},
volume = {24},
year = {2016}

}


@ARTICLE{Beatriz,
author = {P. Beatriz and  R. Domingo  and  D. Norberto },
title = {Analisis de datos de expresion genetica},
journal = {Jornadas de Automatica},
year = {2006}

}

@BOOK{Paulino,
author = {M. Paulino and F. Antonio},
year = 2009,
title = {Genetica y Genomica en Acuicultura},
edition = 2,
publisher = {Fundacion Observartorio Español de Acuicultura},
adress = {España, Madrid}
}

@PHDTHESIS{Domingo,
author = {R. Domingo},
title = {Análisis de datos de Expresión Genética mediante técnicas de Biclustering},
school = {Universidad de Sevilla},
year={2006}

}

############# MARCO TEORICO - BASES TEORICAS ##################

@ARTICLE{NCI,
author = {NCI},
title = {Lo Que Usted Necesita Saber Sobre El C\'ancer de Colon y Recto},
journal = {National Cancer Institute},
year = {2008}
}

@ARTICLE{ACS,
author = {ACS},
title = {Colorectal Cancer Facts & Figures 2014-2016},
journal = {American Cancer Society},
year = {2014}
}

@misc{cancer,
author = {R. Nuria},
title = {Comer más proteínas y menos verduras protege (a veces) del cáncer de colon},
year = {2017},
howpublished = "{http://www.abc.es/sociedad/}",
urldate = {22-12-2017}
}

@misc{ASCRS,
author = {ASCRS},
title = {P\'olipos del Colon y el Recto},
year = {2018},
howpublished = "{https://www.fascrs.org/patients/disease-condition/polipos-del-colon-y-el-recto}",
urldate = {19-03-2018}
}

@ARTICLE{Riestra,
author = {L. Rodrigo and S. Riestra},
title = {Diet and colon cancer},
journal = {Revista Española de Enfermedades Digestivas},
volume = {99},
year = {2007}
}

@ARTICLE{CNDPI,
author = {S. Enrique and G. Ver\'onica and M. Ismael and others},
title = {Regiones indígenas de México},
journal = {Programa de las Naciones Unidas para el Desarrollo},
volume = {1},
year = {2006}
}

@ARTICLE{carlos,
author = {S. Carlos},
title = {Mestizaje y características físicas de la población mexicana},
journal = {Arqueología Mexicana},
volume = {65},
year = {2016}
}

@ARTICLE{Gabriela,
author = {M. Gabriela and R. H\'ector},
title = {El impacto del mestizaje en México},
journal = {Investigaci\'on y Ciencia},
volume = {445},
year = {2013}
}

@misc{Cat,
author = {M. Catherine},
title = {Los 50 Grupos Étnicos de México Principales},
year = {2018},
howpublished = "{https://www.fascrs.org/patients/disease-condition/polipos-del-colon-y-el-recto}",
urldate = {19-03-2018}
}

@misc{ACP,
author = {ACP},
title = {Genotipado},
year = {2015},
howpublished = "{https://www.eupati.eu/es/glossary/genotipado/}",
urldate = {19-03-2018}
}

## Admixture analasis ##################################

@misc{ISGG,
author = {ISGG},
title = {Admixture analyses},
year = {2018},
howpublished = "{https://isogg.org/wiki/Admixture_analyses}",
urldate = {19-01-2018}
}

@ARTICLE{Line,
author={S. Line and S. Thorfinn and A. Anders},
title = {Estimating Individual Admixture Proportions from Next Generation Sequencing Data},
journal = {Genetics},
volume={195(3)},
year={2013}
}

@ARTICLE{Orlando,
author={M. Orlando and P. Afshin and I. Tamara and others},
title = {Genetic African Ancestry and Markers of Mineral
Metabolism in CKD},
journal = {CJASN},
volume={11},
year={2016}
}

@ARTICLE{Yuan,
author={Y. Kai and Z. Ying and N. Xumin and others},
title = {Models, methods and tools for ancestry inference and admixture analysis},
journal = {Quantitative Biology},
volume={5(3)},
year={2017}
}

@ARTICLE{Admixture,
author={D. Alexander and J. Novembre and K. Lange},
title = {Fast model-based estimation of ancestry in unrelated individuals},
journal = {Genome Research},
volume={19},
year={2009}
}

@ARTICLE{Yushi,
author={L. Yushi and N. Toru and L. Shuguang and others},
title = {Softwares and methods for estimating genetic ancestry in human populations},
journal = {Hum Genomics},
volume={7(1)},
year={2013}
}

@ARTICLE{Timothy,
author={A. Timothy and L. Justo},
title = {Local and Global Ancestry Inference, and Applications to Genetic Association Analysis for Admixed Populations},
journal = {Genetic Epidemiol},
volume={38},
year={2014}
}


@ARTICLE{deLeeuw,
author={De Leeuw},
title = { Block relaxation algorithms in statistic},
journal = {Information Systems and Data Analysis},
year={1994}
}


@ARTICLE{Zhou2011,
author={H. Zhou and D. Alexander and L. Kenneth},
title={A quasi-Newton acceleration for high-dimensional optimization algorithms},
journal={Statistics and Computing},
year={2011},
volume={21}
}

@ARTICLE{Suyash,
author={S. Suyash and D. Carlos and L. Kenneth and others},
title={Efficient analysis of large datasets and sex bias with ADMIXTURE},
journal={SOFTWARE},
year={2016}
}

@ARTICLE{Hetero,
author={NHGRI},
title={Herocigoto},
journal={www.genome.gov/glossarys},
year={2014}
}

@ARTICLE{Wright,
author={S. Wright},
title={ The Genetical Stuctrure of Populations},
journal={Evolution},
year={1965},
volume = {15}
}

@ARTICLE{Weir,
author={ BS. Weir and WG. Hill},
title={Estimating F-Statistics},
journal={Annu Rev Genet},
year={2002},
volume = {36}
}

@ARTICLE{Gaurav,
author={B. Gaurav and P. Nick and others},
title={Estimating and Interpreting Fst: the Impact of Rare Variants },
journal={Genome Research},
year={2013}
}








############# METODO - DATOS ##################





}

@ARTICLE{estrada,
author = {M. Andr\'es and R. Christopher and F. Juan Carlos and others},
title = {The Genetics of Mexico Recapitulates Native American Substructure and Affects Biomedical Traits},
journal = {National Institutes of Health},
volume = {344},
year = {2014}
}

