%% This BibTeX bibliography file was created using BibDesk.
%% http://bibdesk.sourceforge.net/

%% Created for arnulfo gonzalez cantu at 2018-05-06 12:40:51 -0500 


%% Saved with string encoding Unicode (UTF-8) 



@article{poynard2005diagnostic,
	Author = {Poynard, Thierry and Ratziu, Vlad and Naveau, Sylvie and Thabut, Dominique and Charlotte, Frederic and Messous, Djamila and Capron, Dominique and Abella, Annie and Massard, Julien and Ngo, Yen and others},
	Date-Added = {2018-05-06 17:40:29 +0000},
	Date-Modified = {2018-05-06 17:40:29 +0000},
	Journal = {Comparative hepatology},
	Number = {1},
	Pages = {10},
	Publisher = {BioMed Central},
	Title = {The diagnostic value of biomarkers (SteatoTest) for the prediction of liver steatosis},
	Volume = {4},
	Year = {2005}}

@article{haller1977epidermiology,
	Author = {Haller, H},
	Date-Added = {2018-05-06 17:40:00 +0000},
	Date-Modified = {2018-05-06 17:40:00 +0000},
	Journal = {Zeitschrift fur die gesamte innere Medizin und ihre Grenzgebiete},
	Number = {8},
	Pages = {124--128},
	Title = {Epidermiology and associated risk factors of hyperlipoproteinemia},
	Volume = {32},
	Year = {1977}}

@article{alberti1998definition,
	Author = {Alberti, Kurt George Matthew Mayer and Zimmet, PZ ft},
	Date-Added = {2018-05-06 17:39:23 +0000},
	Date-Modified = {2018-05-06 17:39:23 +0000},
	Journal = {Diabetic medicine},
	Number = {7},
	Pages = {539--553},
	Publisher = {Wiley Online Library},
	Title = {Definition, diagnosis and classification of diabetes mellitus and its complications. Part 1: diagnosis and classification of diabetes mellitus. Provisional report of a WHO consultation},
	Volume = {15},
	Year = {1998}}
